<?xml version="1.0" encoding="UTF-8"?><record xmlns="http://www.loc.gov/MARC21/slim" xmlns:cinclude="http://apache.org/cocoon/include/1.0" xmlns:zs="http://www.loc.gov/zing/srw/">
  <leader>00421nz  a2200133n  4500</leader>
  <controlfield tag="001">n  90720981 </controlfield>
  <controlfield tag="003">DLC</controlfield>
  <controlfield tag="005">19901205101422.6</controlfield>
  <controlfield tag="008">901205n| acannaab|          |n aaa |||  </controlfield>
  <datafield tag="010" ind1=" " ind2=" ">
    <subfield code="a">n  90720981 </subfield>
  </datafield>
  <datafield tag="040" ind1=" " ind2=" ">
    <subfield code="a">DLC</subfield>
    <subfield code="c">DLC</subfield>
  </datafield>
  <datafield tag="100" ind1="1" ind2="0">
    <subfield code="a">Sundhoff, Edmund</subfield>
  </datafield>
  <datafield tag="670" ind1=" " ind2=" ">
    <subfield code="a">Klein-Blenkers, F. Rudolf Seyffert (1893-1971) als Forscher ... 1988:</subfield>
    <subfield code="b">t.p. (Prof. Dr. Edmund Sundhoff)</subfield>
  </datafield>
  <datafield tag="670" ind1=" " ind2=" ">
    <subfield code="a">LC data base, 12-05-90</subfield>
    <subfield code="b">(hdg.: Sundhoff, Edmund)</subfield>
  </datafield>
</record>